%YAML 1.1
%TAG !u! tag:unity3d.com,2011:
--- !u!1 &111812
GameObject:
  m_ObjectHideFlags: 1
  m_PrefabParentObject: {fileID: 0}
  m_PrefabInternal: {fileID: 100100000}
  serializedVersion: 4
  m_Component:
  - 4: {fileID: 416168}
  - 61: {fileID: 6123510}
  - 50: {fileID: 5050972}
  - 114: {fileID: 11455346}
  m_Layer: 0
  m_Name: BalloonDetect
  m_TagString: Finish
  m_Icon: {fileID: 0}
  m_NavMeshLayer: 0
  m_StaticEditorFlags: 0
  m_IsActive: 1
--- !u!1 &125906
GameObject:
  m_ObjectHideFlags: 0
  m_PrefabParentObject: {fileID: 0}
  m_PrefabInternal: {fileID: 100100000}
  serializedVersion: 4
  m_Component:
  - 4: {fileID: 438468}
  - 212: {fileID: 21289610}
  - 95: {fileID: 9589158}
  m_Layer: 0
  m_Name: PapePlaneReg
  m_TagString: Player
  m_Icon: {fileID: 0}
  m_NavMeshLayer: 0
  m_StaticEditorFlags: 0
  m_IsActive: 1
--- !u!1 &151492
GameObject:
  m_ObjectHideFlags: 0
  m_PrefabParentObject: {fileID: 0}
  m_PrefabInternal: {fileID: 100100000}
  serializedVersion: 4
  m_Component:
  - 4: {fileID: 482712}
  - 82: {fileID: 8200558}
  - 114: {fileID: 11474488}
  - 212: {fileID: 21245438}
  - 50: {fileID: 5039670}
  m_Layer: 0
  m_Name: Lobster
  m_TagString: Untagged
  m_Icon: {fileID: 0}
  m_NavMeshLayer: 0
  m_StaticEditorFlags: 0
  m_IsActive: 1
--- !u!4 &416168
Transform:
  m_ObjectHideFlags: 1
  m_PrefabParentObject: {fileID: 0}
  m_PrefabInternal: {fileID: 100100000}
  m_GameObject: {fileID: 111812}
  m_LocalRotation: {x: 0, y: 0, z: 0, w: 1}
  m_LocalPosition: {x: .349999905, y: .0299999714, z: 0}
  m_LocalScale: {x: 1, y: 1, z: 1}
  m_Children: []
  m_Father: {fileID: 438468}
  m_RootOrder: 0
--- !u!4 &438468
Transform:
  m_ObjectHideFlags: 1
  m_PrefabParentObject: {fileID: 0}
  m_PrefabInternal: {fileID: 100100000}
  m_GameObject: {fileID: 125906}
  m_LocalRotation: {x: 0, y: 0, z: 0, w: 1}
  m_LocalPosition: {x: 0, y: 0, z: 0}
  m_LocalScale: {x: 1, y: 1, z: 1}
  m_Children:
  - {fileID: 416168}
  m_Father: {fileID: 482712}
  m_RootOrder: 0
--- !u!4 &482712
Transform:
  m_ObjectHideFlags: 1
  m_PrefabParentObject: {fileID: 0}
  m_PrefabInternal: {fileID: 100100000}
  m_GameObject: {fileID: 151492}
  m_LocalRotation: {x: 0, y: 0, z: 0, w: 1}
  m_LocalPosition: {x: 21.1258335, y: -2.4265337, z: 0}
  m_LocalScale: {x: .75, y: .75, z: 1}
  m_Children:
  - {fileID: 438468}
  m_Father: {fileID: 0}
  m_RootOrder: 0
--- !u!50 &5039670
Rigidbody2D:
  serializedVersion: 2
  m_ObjectHideFlags: 1
  m_PrefabParentObject: {fileID: 0}
  m_PrefabInternal: {fileID: 100100000}
  m_GameObject: {fileID: 151492}
  m_Mass: 1
  m_LinearDrag: 0
  m_AngularDrag: .0500000007
  m_GravityScale: 1
  m_IsKinematic: 0
  m_Interpolate: 0
  m_SleepingMode: 1
  m_CollisionDetection: 0
  m_Constraints: 0
--- !u!50 &5050972
Rigidbody2D:
  serializedVersion: 2
  m_ObjectHideFlags: 1
  m_PrefabParentObject: {fileID: 0}
  m_PrefabInternal: {fileID: 100100000}
  m_GameObject: {fileID: 111812}
  m_Mass: 1
  m_LinearDrag: 0
  m_AngularDrag: .0500000007
  m_GravityScale: 1
  m_IsKinematic: 1
  m_Interpolate: 0
  m_SleepingMode: 1
  m_CollisionDetection: 0
  m_Constraints: 0
--- !u!61 &6123510
BoxCollider2D:
  m_ObjectHideFlags: 1
  m_PrefabParentObject: {fileID: 0}
  m_PrefabInternal: {fileID: 100100000}
  m_GameObject: {fileID: 111812}
  m_Enabled: 1
  m_Material: {fileID: 0}
  m_IsTrigger: 1
  m_UsedByEffector: 0
  m_Offset: {x: .117394626, y: -.101092577}
  serializedVersion: 2
  m_Size: {x: .865231514, y: .754358292}
--- !u!82 &8200558
AudioSource:
  m_ObjectHideFlags: 1
  m_PrefabParentObject: {fileID: 0}
  m_PrefabInternal: {fileID: 100100000}
  m_GameObject: {fileID: 151492}
  m_Enabled: 1
  serializedVersion: 4
  OutputAudioMixerGroup: {fileID: 0}
  m_audioClip: {fileID: 0}
  m_PlayOnAwake: 1
  m_Volume: 1
  m_Pitch: 1
  Loop: 0
  Mute: 0
  Spatialize: 0
  Priority: 128
  DopplerLevel: 1
  MinDistance: 1
  MaxDistance: 500
  Pan2D: 0
  rolloffMode: 0
  BypassEffects: 0
  BypassListenerEffects: 0
  BypassReverbZones: 0
  rolloffCustomCurve:
    serializedVersion: 2
    m_Curve:
    - time: 0
      value: 1
      inSlope: 0
      outSlope: 0
      tangentMode: 0
    - time: 1
      value: 0
      inSlope: 0
      outSlope: 0
      tangentMode: 0
    m_PreInfinity: 2
    m_PostInfinity: 2
  panLevelCustomCurve:
    serializedVersion: 2
    m_Curve:
    - time: 0
      value: 0
      inSlope: 0
      outSlope: 0
      tangentMode: 0
    m_PreInfinity: 2
    m_PostInfinity: 2
  spreadCustomCurve:
    serializedVersion: 2
    m_Curve:
    - time: 0
      value: 0
      inSlope: 0
      outSlope: 0
      tangentMode: 0
    m_PreInfinity: 2
    m_PostInfinity: 2
  reverbZoneMixCustomCurve:
    serializedVersion: 2
    m_Curve:
    - time: 0
      value: 1
      inSlope: 0
      outSlope: 0
      tangentMode: 0
    m_PreInfinity: 2
    m_PostInfinity: 2
--- !u!95 &9589158
Animator:
  serializedVersion: 3
  m_ObjectHideFlags: 1
  m_PrefabParentObject: {fileID: 0}
  m_PrefabInternal: {fileID: 100100000}
  m_GameObject: {fileID: 125906}
  m_Enabled: 1
  m_Avatar: {fileID: 0}
  m_Controller: {fileID: 9100000, guid: c3b3c35171b25124d805324a62175bee, type: 2}
  m_CullingMode: 0
  m_UpdateMode: 0
  m_ApplyRootMotion: 0
  m_LinearVelocityBlending: 0
  m_WarningMessage: 
  m_HasTransformHierarchy: 1
  m_AllowConstantClipSamplingOptimization: 1
--- !u!114 &11455346
MonoBehaviour:
  m_ObjectHideFlags: 1
  m_PrefabParentObject: {fileID: 0}
  m_PrefabInternal: {fileID: 100100000}
  m_GameObject: {fileID: 111812}
  m_Enabled: 1
  m_EditorHideFlags: 0
  m_Script: {fileID: 11500000, guid: 575a2786306af5a4aa9acebc3b935806, type: 3}
  m_Name: 
  m_EditorClassIdentifier: 
  Poof: {fileID: 179560, guid: 2614b046465a03247b6d64bc3e3bd686, type: 2}
  deathTimer: 5
  loadTime: 65
  canLoad: 0
  isDead: 0
  hit: {fileID: 8300000, guid: 0f6af0d9ca5c41c47b8ec90cc7ae6360, type: 3}
  score: 0
  hiScore: 0
  b: {fileID: 0}
--- !u!114 &11474488
MonoBehaviour:
  m_ObjectHideFlags: 1
  m_PrefabParentObject: {fileID: 0}
  m_PrefabInternal: {fileID: 100100000}
  m_GameObject: {fileID: 151492}
  m_Enabled: 1
  m_EditorHideFlags: 0
  m_Script: {fileID: 11500000, guid: 6ecb47b35de99ec468f5eed7267880d0, type: 3}
  m_Name: 
  m_EditorClassIdentifier: 
  OtherPlane: {fileID: 0}
  Original: {fileID: 0}
  Palettes:
  - {fileID: 21300000, guid: 3d2406359de581447b24b03c0a1655a8, type: 3}
  - {fileID: 21300000, guid: 3d2406359de581447b24b03c0a1655a8, type: 3}
  - {fileID: 21300000, guid: 3d2406359de581447b24b03c0a1655a8, type: 3}
  - {fileID: 21300000, guid: 3d2406359de581447b24b03c0a1655a8, type: 3}
  - {fileID: 21300000, guid: 3d2406359de581447b24b03c0a1655a8, type: 3}
  - {fileID: 21300000, guid: 3d2406359de581447b24b03c0a1655a8, type: 3}
  - {fileID: 21300000, guid: 3d2406359de581447b24b03c0a1655a8, type: 3}
  - {fileID: 21300000, guid: 3d2406359de581447b24b03c0a1655a8, type: 3}
  - {fileID: 21300000, guid: e754b17f661ca404cb2c2defa0c72e67, type: 3}
  - {fileID: 21300000, guid: e754b17f661ca404cb2c2defa0c72e67, type: 3}
  - {fileID: 21300000, guid: e754b17f661ca404cb2c2defa0c72e67, type: 3}
  - {fileID: 21300000, guid: e754b17f661ca404cb2c2defa0c72e67, type: 3}
  - {fileID: 21300000, guid: e754b17f661ca404cb2c2defa0c72e67, type: 3}
  - {fileID: 21300000, guid: e754b17f661ca404cb2c2defa0c72e67, type: 3}
  - {fileID: 21300000, guid: e754b17f661ca404cb2c2defa0c72e67, type: 3}
  - {fileID: 21300000, guid: e754b17f661ca404cb2c2defa0c72e67, type: 3}
  playerSpeed: 10
  Jump: {fileID: 8300000, guid: 8412008cdef84fc4584aef0ca0325d6d, type: 3}
  ender: {fileID: 11455346}
  phony: {fileID: 21289610}
  BG: {fileID: 130830, guid: 3217dee14097c0143a3dcee9d08dda78, type: 2}
  Name: Lobster
--- !u!212 &21245438
SpriteRenderer:
  m_ObjectHideFlags: 1
  m_PrefabParentObject: {fileID: 0}
  m_PrefabInternal: {fileID: 100100000}
  m_GameObject: {fileID: 151492}
  m_Enabled: 1
  m_CastShadows: 0
  m_ReceiveShadows: 0
  m_Materials:
  - {fileID: 10754, guid: 0000000000000000e000000000000000, type: 0}
  m_SubsetIndices: 
  m_StaticBatchRoot: {fileID: 0}
  m_UseLightProbes: 1
  m_ReflectionProbeUsage: 1
  m_ProbeAnchor: {fileID: 0}
  m_ScaleInLightmap: 1
  m_PreserveUVs: 0
  m_IgnoreNormalsForChartDetection: 0
  m_ImportantGI: 0
  m_MinimumChartSize: 4
  m_AutoUVMaxDistance: .5
  m_AutoUVMaxAngle: 89
  m_LightmapParameters: {fileID: 0}
  m_SortingLayerID: 0
  m_SortingOrder: 0
  m_Sprite: {fileID: 0}
  m_Color: {r: 1, g: 1, b: 1, a: 1}
--- !u!212 &21289610
SpriteRenderer:
  m_ObjectHideFlags: 1
  m_PrefabParentObject: {fileID: 0}
  m_PrefabInternal: {fileID: 100100000}
  m_GameObject: {fileID: 125906}
  m_Enabled: 1
  m_CastShadows: 0
  m_ReceiveShadows: 0
  m_Materials:
  - {fileID: 10754, guid: 0000000000000000e000000000000000, type: 0}
  m_SubsetIndices: 
  m_StaticBatchRoot: {fileID: 0}
  m_UseLightProbes: 1
  m_ReflectionProbeUsage: 1
  m_ProbeAnchor: {fileID: 0}
  m_ScaleInLightmap: 1
  m_PreserveUVs: 0
  m_IgnoreNormalsForChartDetection: 0
  m_ImportantGI: 0
  m_MinimumChartSize: 4
  m_AutoUVMaxDistance: .5
  m_AutoUVMaxAngle: 89
  m_LightmapParameters: {fileID: 0}
  m_SortingLayerID: 0
  m_SortingOrder: 5
  m_Sprite: {fileID: 21300000, guid: 3d2406359de581447b24b03c0a1655a8, type: 3}
  m_Color: {r: 1, g: 1, b: 1, a: 1}
--- !u!1001 &100100000
Prefab:
  m_ObjectHideFlags: 1
  serializedVersion: 2
  m_Modification:
    m_TransformParent: {fileID: 0}
    m_Modifications:
    - target: {fileID: 0}
      propertyPath: BG
      value: 
      objectReference: {fileID: 130830, guid: 3217dee14097c0143a3dcee9d08dda78, type: 2}
    m_RemovedComponents: []
  m_ParentPrefab: {fileID: 0}
  m_RootGameObject: {fileID: 151492}
  m_IsPrefabParent: 1
